% This file was created with JabRef 2.10b2.
% Encoding: UTF-8


@TechReport{xml:2008,
  Title                    = {Extensible Markup Language ({XML}) 1.0 (Fifth Edition)},
  Author                   = {Tim Bray and Fran\c{c}ois Yergeau and Eve Maler and Jean Paoli and Michael Sperberg-McQueen},
  Institution              = {W3C},
  Year                     = {2008},
  Month                    = nov,
  Type                     = {{W3C} Recommendation},

  Bibsource                = {http://w2.syronex.com/jmr/w3c-biblio},
  Url                      = {http://www.w3.org/TR/2008/REC-xml-20081126/}
}

@TechReport{svg:2003,
  Title                    = {Scalable Vector Graphics (SVG) 1.1 Specification},
  Author                   = {Ferraiolo, Dean Jackson Jon},
  Year                     = {2003},
  Month                    = {January},
  Note                     = {Letzter Zugriff: 09.11.2014},

  Added-at                 = {2009-10-14T21:30:02.000+0200},
  Biburl                   = {http://www.bibsonomy.org/bibtex/20394ef3c8f532655e45cefaf8260b757/magsilva},
  File                     = {Scalable Vector Graphics (SVG) 1.1 Specification.pdf:Scalable Vector Graphics (SVG) 1.1 Specification.pdf:PDF},
  HowPublished             = {W3C Recommendation},
  Interhash                = {6d8d80a577d755888e8e374cd38bf769},
  Intrahash                = {0394ef3c8f532655e45cefaf8260b757},
  Keywords                 = {imported},
  Owner                    = {magsilva},
  Timestamp                = {2009-10-14T21:30:02.000+0200},
  Url                      = {http://www.w3.org/TR/SVG/}
}

